<collection xmlns="http://www.loc.gov/MARC21/slim">
<record>
  <leader>03647nam0a22006131i 450 </leader>
  <controlfield tag="001">IT\ICCU\CNCE\028193</controlfield>
  <controlfield tag="005">20200320000000.0</controlfield>
  <datafield tag="012" ind1=" " ind2=" ">
    <subfield code="a">iiii nius nsia dari (3) 1515 (R)</subfield>
    <subfield code="2">fei</subfield>
    <subfield code="9">1</subfield>
  </datafield>
  <datafield tag="012" ind1=" " ind2=" ">
    <subfield code="a">lvix usr. emi. sivt (3) 1515 (R)</subfield>
    <subfield code="2">fei</subfield>
    <subfield code="9">2</subfield>
  </datafield>
  <datafield tag="100" ind1=" " ind2=" ">
    <subfield code="a">19971105d1515        0itac0103    ba</subfield>
  </datafield>
  <datafield tag="101" ind1=" " ind2=" ">
    <subfield code="a">LAT</subfield>
  </datafield>
  <datafield tag="102" ind1=" " ind2=" ">
    <subfield code="a">IT</subfield>
  </datafield>
  <datafield tag="200" ind1="1" ind2=" ">
    <subfield code="a">℗Vergilii poetarum omnium longe principis ℗Opera quaecunque extant et in haec annotationes commentariaque complurium doctissimorum virorum doctissima. In Bucolica et Georgica Seruius, Donatus, Mancinellus, Beroaldus. In Aeneida autem hi, Seruius, DomitiusCalderinus, Augustinus Dathus, Beroaldus, Ascensius. In. XIII Aeneida additio, &amp; reliquis opusculis, Ascensius</subfield>
  </datafield>
  <datafield tag="205" ind1=" " ind2=" ">
    <subfield code="a">Impressa sunt haec omnia Venetiis XXVII mensis Octobris MDXV</subfield>
  </datafield>
  <datafield tag="210" ind1=" " ind2=" ">
    <subfield code="e">Impressa sunt haec omnia Venetiis</subfield>
    <subfield code="h">XXVII mensis Octobris MDXV</subfield>
  </datafield>
  <datafield tag="215" ind1=" " ind2=" ">
    <subfield code="a">2 pt.</subfield>
    <subfield code="d">fol</subfield>
  </datafield>
  <datafield tag="300" ind1=" " ind2=" ">
    <subfield code="a">2: ((Impressum Venetiis : in aedibus Alexandri Paganini inclyto Lauretano principe, duodecimo Kalen. Decem. 1515))</subfield>
  </datafield>
  <datafield tag="620" ind1=" " ind2=" ">
    <subfield code="a">IT</subfield>
    <subfield code="d">Venezia</subfield>
  </datafield>
  <datafield tag="700" ind1=" " ind2="1">
    <subfield code="a">Vergilius Maro,</subfield>
    <subfield code="b">Publius</subfield>
    <subfield code="3">IT\ICCU\CNCA\001093</subfield>
  </datafield>
  <datafield tag="702" ind1=" " ind2="1">
    <subfield code="a">Bade,</subfield>
    <subfield code="b">Josse</subfield>
    <subfield code="3">IT\ICCU\CNCA\001185</subfield>
  </datafield>
  <datafield tag="702" ind1=" " ind2="1">
    <subfield code="a">Dati,</subfield>
    <subfield code="b">Agostino</subfield>
    <subfield code="3">IT\ICCU\CNCA\004624</subfield>
  </datafield>
  <datafield tag="702" ind1=" " ind2="1">
    <subfield code="a">Calderini,</subfield>
    <subfield code="b">Domizio</subfield>
    <subfield code="3">IT\ICCU\CNCA\008864</subfield>
  </datafield>
  <datafield tag="702" ind1=" " ind2="1">
    <subfield code="a">Beroaldo,</subfield>
    <subfield code="b">Filippo</subfield>
    <subfield code="c"> &lt;il vecchio&gt;</subfield>
    <subfield code="3">IT\ICCU\CNCA\000228</subfield>
  </datafield>
  <datafield tag="702" ind1=" " ind2="1">
    <subfield code="a">Donatus,</subfield>
    <subfield code="b">Aelius</subfield>
    <subfield code="3">IT\ICCU\CNCA\000324</subfield>
  </datafield>
  <datafield tag="702" ind1=" " ind2="1">
    <subfield code="a">Servius,</subfield>
    <subfield code="b">Maurus Honoratus</subfield>
    <subfield code="3">IT\ICCU\CNCA\000325</subfield>
  </datafield>
  <datafield tag="702" ind1=" " ind2="1">
    <subfield code="a">Mancinelli,</subfield>
    <subfield code="b">Antonio</subfield>
    <subfield code="3">IT\ICCU\CNCA\001005</subfield>
  </datafield>
  <datafield tag="712" ind1="0" ind2="0">
    <subfield code="a">Paganini, Alessandro</subfield>
    <subfield code="3">IT\ICCU\CNCT\000192</subfield>
    <subfield code="4">650</subfield>
  </datafield>
  <datafield tag="790" ind1=" " ind2="0">
    <subfield code="a">Virgilio</subfield>
    <subfield code="3">IT\ICCU\CNCA\015017</subfield>
    <subfield code="z">Vergilius Maro, Publius</subfield>
  </datafield>
  <datafield tag="790" ind1=" " ind2="0">
    <subfield code="a">Badius Ascensius Jodocus</subfield>
    <subfield code="3">IT\ICCU\CNCA\003294</subfield>
    <subfield code="z">Bade, Josse</subfield>
  </datafield>
  <datafield tag="790" ind1=" " ind2="0">
    <subfield code="a">Ascensius</subfield>
    <subfield code="3">IT\ICCU\CNCA\026332</subfield>
    <subfield code="z">Bade, Josse</subfield>
  </datafield>
  <datafield tag="790" ind1=" " ind2="1">
    <subfield code="a">Dathus,</subfield>
    <subfield code="b">Augustinus</subfield>
    <subfield code="3">IT\ICCU\CNCA\015270</subfield>
    <subfield code="z">Dati, Agostino</subfield>
  </datafield>
  <datafield tag="790" ind1=" " ind2="1">
    <subfield code="a">Datus,</subfield>
    <subfield code="b">Augustinus</subfield>
    <subfield code="3">IT\ICCU\CNCA\022219</subfield>
    <subfield code="z">Dati, Agostino</subfield>
  </datafield>
  <datafield tag="790" ind1=" " ind2="1">
    <subfield code="a">Calderino,</subfield>
    <subfield code="b">Domizio</subfield>
    <subfield code="3">IT\ICCU\CNCA\026548</subfield>
    <subfield code="z">Calderini, Domizio</subfield>
  </datafield>
  <datafield tag="790" ind1=" " ind2="1">
    <subfield code="a">Calderinus,</subfield>
    <subfield code="b">Domitius</subfield>
    <subfield code="3">IT\ICCU\CNCA\026549</subfield>
    <subfield code="z">Calderini, Domizio</subfield>
  </datafield>
  <datafield tag="790" ind1=" " ind2="1">
    <subfield code="a">Beroaldus,</subfield>
    <subfield code="b">Philippus</subfield>
    <subfield code="3">IT\ICCU\CNCA\026331</subfield>
    <subfield code="z">Beroaldo, Filippo &lt;il vecchio&gt;</subfield>
  </datafield>
  <datafield tag="790" ind1=" " ind2="1">
    <subfield code="a">Dionisius,</subfield>
    <subfield code="b">Appollonius Donatus</subfield>
    <subfield code="3">IT\ICCU\CNCA\004906</subfield>
    <subfield code="z">Donatus, Aelius</subfield>
  </datafield>
  <datafield tag="790" ind1=" " ind2="0">
    <subfield code="a">Aelius</subfield>
    <subfield code="c"> : Donatus</subfield>
    <subfield code="3">IT\ICCU\CNCA\009367</subfield>
    <subfield code="z">Donatus, Aelius</subfield>
  </datafield>
  <datafield tag="790" ind1=" " ind2="1">
    <subfield code="a">Servius Honoratus,</subfield>
    <subfield code="b">Maurus</subfield>
    <subfield code="3">IT\ICCU\CNCA\015348</subfield>
    <subfield code="z">Servius, Maurus Honoratus</subfield>
  </datafield>
  <datafield tag="790" ind1=" " ind2="0">
    <subfield code="a">Servius</subfield>
    <subfield code="3">IT\ICCU\CNCA\020791</subfield>
    <subfield code="z">Servius, Maurus Honoratus</subfield>
  </datafield>
  <datafield tag="790" ind1=" " ind2="1">
    <subfield code="a">Servius,</subfield>
    <subfield code="b">Marius</subfield>
    <subfield code="3">IT\ICCU\CNCA\020792</subfield>
    <subfield code="z">Servius, Maurus Honoratus</subfield>
  </datafield>
  <datafield tag="790" ind1=" " ind2="1">
    <subfield code="a">Mancinellus,</subfield>
    <subfield code="b">Antonius</subfield>
    <subfield code="3">IT\ICCU\CNCA\019612</subfield>
    <subfield code="z">Mancinelli, Antonio</subfield>
  </datafield>
  <datafield tag="791" ind1="0" ind2="0">
    <subfield code="a">Paganino, Alessandro</subfield>
    <subfield code="3">IT\ICCU\CNCT\005250</subfield>
    <subfield code="z">Paganini, Alessandro</subfield>
  </datafield>
  <datafield tag="791" ind1="0" ind2="0">
    <subfield code="a">Paganinis, Alexander de</subfield>
    <subfield code="3">IT\ICCU\CNCT\005251</subfield>
    <subfield code="z">Paganini, Alessandro</subfield>
  </datafield>
  <datafield tag="791" ind1="0" ind2="0">
    <subfield code="a">Paganinus, Alexander</subfield>
    <subfield code="3">IT\ICCU\CNCT\005252</subfield>
    <subfield code="z">Paganini, Alessandro</subfield>
  </datafield>
  <datafield tag="801" ind1=" " ind2="3">
    <subfield code="a">IT</subfield>
    <subfield code="b">ICCU</subfield>
    <subfield code="c">20201114</subfield>
  </datafield>
  <datafield tag="899" ind1=" " ind2=" ">
    <subfield code="a">Biblioteca comunale dell&apos;Archiginnasio. Bologna</subfield>
    <subfield code="z">MUTILO</subfield>
    <subfield code="1">BO0304</subfield>
    <subfield code="2">UBO GA</subfield>
  </datafield>
  <datafield tag="899" ind1=" " ind2=" ">
    <subfield code="a">Biblioteca del Seminario vescovile Santa Maria della Pace. Cremona</subfield>
    <subfield code="1">CR0061</subfield>
    <subfield code="2">PBE 48</subfield>
  </datafield>
  <datafield tag="899" ind1=" " ind2=" ">
    <subfield code="a">Biblioteca Apostolica Vaticana. Citt ̉del Vaticano</subfield>
    <subfield code="1">EX0001</subfield>
    <subfield code="2">ZCV 01</subfield>
  </datafield>
  <datafield tag="899" ind1=" " ind2=" ">
    <subfield code="a">Biblioteca nazionale Vittorio Emanuele III. Napoli</subfield>
    <subfield code="1">NA0079</subfield>
    <subfield code="2">NAP BN</subfield>
  </datafield>
  <datafield tag="899" ind1=" " ind2=" ">
    <subfield code="a">Biblioteca nazionale centrale. Roma</subfield>
    <subfield code="1">RM0267</subfield>
    <subfield code="2">BVE CR</subfield>
  </datafield>
  <datafield tag="899" ind1=" " ind2=" ">
    <subfield code="a">Biblioteca Diocesana Vigilianum. Trento</subfield>
    <subfield code="1">TN0132</subfield>
    <subfield code="2">ZTN 10</subfield>
  </datafield>
  <datafield tag="899" ind1=" " ind2=" ">
    <subfield code="a">Biblioteca del Seminario arcivescovile di Milano. Venegono Inferiore</subfield>
    <subfield code="1">VA0122</subfield>
    <subfield code="2">ZVA 04</subfield>
  </datafield>
  <datafield tag="899" ind1=" " ind2=" ">
    <subfield code="a">Biblioteca civica. Vercelli</subfield>
    <subfield code="z">MUTILO</subfield>
    <subfield code="1">VC0073</subfield>
    <subfield code="2">TO0 A2</subfield>
  </datafield>
  <datafield tag="899" ind1=" " ind2=" ">
    <subfield code="a">Biblioteca del Seminario vescovile. Verona</subfield>
    <subfield code="1">VR0061</subfield>
    <subfield code="2">PBE 83</subfield>
  </datafield>
</record>
</collection>
